@string{wiki = "Wikipedia, {The Free Encyclopedia}"}


@online{wam87,
	author = "{Mozart, Wolfgang Amadeus}",
	title = "{\em Musikalisches W\"{u}rferspiel, K.\ 516f ({\em ``Anleitung Walzer oder Schleifer mit zwei W\"{u}rfeln zu componiren, so viele man will, ohne etwas von der Musik oder Composition zu verstehen})}",
	url = "http://imslp.org/wiki/Musikalische\s_W\%C3\%BCrfelspiel,\_K.516f\_%28Mozart,\_Wolfgang\_Amadeus\%29",
	language = {English, German, French, Italian},
	note = {Retrieved Thursday, 19 January, 2012 21:50},
	organization = {International Music Score Library Project (IMSLP)},
	urldate = {},
}


@online{wiki_mw2017,
	author = "{Wikipedia: {\em Musikalisches W\"{u}rferspiel}}",
	title = "{Wikipedia, {The Free Encyclopedia}}",
	url = "https://en.wikipedia.org/w/index.php?title=Musikalisches\_W\%C3\%BCrfelspiel\&oldid=787418377",
	language = {English},
	note = {Retrieved Tuesday, 08 August, 2017 12:56:17 AM +08},
	organization = wiki,
	year = 2017,
	urldate = {25 June 2017, at 08:39},
}

@online{noguchi,
	author = "Noguchi, Hideo",
	title = "{Mozart â€“ Musical Game in C K. 516f*}",
	url = "http://www.asahi-net.or.jp/~rb5h-ngc/e/k516f.htm",
	language = {English},
	note = {Retrieved Tuesday, 08 August, 2017 11:36:00 AM +08},
	organization = {Asahi, Japan},
	year = "",
	urldate = {},
}

@online{peterson2001,
	author = "Peterson, Ivars",
	title = "{Mozart's Melody Machine}",
	url = "https://www.sciencenews.org/article/mozarts-melody-machine-0",
	language = {English},
	note = {Retrieved Tuesday, 08 August, 2017 11:36:00 AM +08},
	organization = {Society for the Science and the Public},
	urldate = {23 August 2001, at 11:25 a.m.},
	year = 2001,
}
